<record><leader>00000cas a2200000 a 4500</leader><controlfield tag="001">41442345</controlfield><controlfield tag="008">990527d19301939oruwr ne      0    0eng c</controlfield><datafield ind1=" " ind2=" " tag="010"><subfield code="a">sn 99063845 </subfield></datafield><datafield ind1=" " ind2=" " tag="040"><subfield code="a">OCN</subfield><subfield code="b">eng</subfield><subfield code="c">OCN</subfield><subfield code="d">OCLCQ</subfield><subfield code="d">OCLCF</subfield><subfield code="d">OCLCO</subfield></datafield><datafield ind1="1" ind2=" " tag="029"><subfield code="a">AU@</subfield><subfield code="b">000020230333</subfield></datafield><datafield ind1="1" ind2=" " tag="029"><subfield code="a">AU@</subfield><subfield code="b">000026363353</subfield></datafield><datafield ind1=" " ind2=" " tag="042"><subfield code="a">pcc</subfield></datafield><datafield ind1=" " ind2=" " tag="043"><subfield code="a">n-us-or</subfield></datafield><datafield ind1="0" ind2=" " tag="130"><subfield code="a">Beach resort news (Lincoln City, Or.)</subfield></datafield><datafield ind1="1" ind2="0" tag="245"><subfield code="a">Beach resort news.</subfield></datafield><datafield ind1="1" ind2=" " tag="246"><subfield code="i">Issues for Aug. 21, 1931-Dec. 18, 1936 called:</subfield><subfield code="a">Beach resort news combined with Lincoln County press</subfield></datafield><datafield ind1=" " ind2=" " tag="260"><subfield code="a">Delake, Lincoln County, Or. :</subfield><subfield code="b">G. Garland Sittser,</subfield><subfield code="c">-1939.</subfield></datafield><datafield ind1=" " ind2=" " tag="300"><subfield code="a">v.</subfield></datafield><datafield ind1=" " ind2=" " tag="310"><subfield code="a">Weekly</subfield></datafield><datafield ind1="0" ind2=" " tag="362"><subfield code="a">-v. 13, no. 7 (June 30, 1939).</subfield></datafield><datafield ind1="1" ind2=" " tag="362"><subfield code="a">Began in 1930.</subfield></datafield><datafield ind1=" " ind2=" " tag="530"><subfield code="a">Also issued on microfilm from University of Oregon.</subfield></datafield><datafield ind1=" " ind2=" " tag="580"><subfield code="a">Merged with: Lincoln coast guard, to form: North Lincoln coast guard in combination with the beach resort news.</subfield></datafield><datafield ind1=" " ind2=" " tag="588"><subfield code="a">Description based on: Vol. 3, no. 43 (Feb. 28, 1930).</subfield></datafield><datafield ind1=" " ind2="0" tag="651"><subfield code="a">Lincoln City (Or.)</subfield><subfield code="v">Newspapers.</subfield></datafield><datafield ind1=" " ind2="7" tag="655"><subfield code="a">Newspapers.</subfield><subfield code="2">fast</subfield><subfield code="0">(OCoLC)fst01423814</subfield></datafield><datafield ind1=" " ind2="7" tag="651"><subfield code="a">Oregon</subfield><subfield code="z">Lincoln City.</subfield><subfield code="2">fast</subfield><subfield code="0">(OCoLC)fst01226330</subfield></datafield><datafield ind1=" " ind2=" " tag="752"><subfield code="a">United States</subfield><subfield code="b">Oregon</subfield><subfield code="c">Lincoln</subfield><subfield code="d">Lincoln City.</subfield></datafield><datafield ind1="0" ind2="0" tag="780"><subfield code="t">Lincoln coast news</subfield><subfield code="w">(DLC)sn 99063841</subfield></datafield><datafield ind1="0" ind2="5" tag="780"><subfield code="t">Lincoln County press</subfield><subfield code="w">(DLC)sn 99063837</subfield></datafield><datafield ind1="1" ind2="7" tag="785"><subfield code="t">Lincoln coast guard</subfield><subfield code="w">(DLC)sn 99063844</subfield></datafield><datafield ind1="1" ind2="7" tag="785"><subfield code="t">North Lincoln coast guard in combination with the beach resort news</subfield><subfield code="w">(DLC)sn 99063846</subfield></datafield></record>